2033 3506
888 246 1210 297 ...40-

257 371 373 432 υἴός,
404 368 555 438 ’Ἡρης
595 376 913 445 παρακοίτης,
947 373 1181 438 βασιλεὺς
1219 376 1371 431 θεῶν,
1421 374 1655 438 βασιλεὺς
1694 380 1831 437 θὲὸν

258 456 343 502 καὶ
378 451 583 518 ἀνδρῶν,
618 450 893 519 ὕψιμέὸων,
929 452 1275 519 ἐρισμάραγος,
1311 453 1587 517 δαιμόνιος)
1628 459 1877 520 Theogo-
1873 501 1880 507 .

258 536 374 588 niae,
408 549 547 579 unum
579 530 833 594 [βασιλεὺς
868 530 1166 593 ἀθανάτων)
1198 537 1414 594 Operum,
1449 538 1539 581 duo
1572 533 1884 600 (fraudosa-

260 626 342 662 σιν
376 608 626 668 ἀνάσσων,
665 611 926 675 σημάντωρ
962 614 1120 671 θεῶν)
1154 615 1293 662 Scuti
1313 622 1418 660 sunt
1448 618 1647 674 propria
1697 620 1700 625 “

387 694 444 738 In
480 694 739 740 universum
773 694 910 751 igitur
930 694 963 740 J
966 709 1065 739 ovis
1102 694 1298 753 epitheta
1319 693 1565 740 Homerica
1598 703 1651 740 et
1675 681 1883 754 Ηωὶρι.)

260 775 347 818 dea
396 780 502 818 sunt
550 773 982 832 undeseptuaginta‚
1044 788 1237 831 quorum
1285 772 1373 816 tria
1425 781 1470 818 et
1515 758 1868 834 quinquagina(

258 853 549 896 inveniuntur
590 851 636 894 in
670 851 828 906 Iliade,
879 852 1041 910 viginti
1083 852 1282 912 quinque
1330 852 1377 896 in
1414 851 1638 911 Odyssea,
1683 855 1843 912 viginti

261 923 363 974 octo
393 930 440 973 in
468 929 754 986 Theogonia‚
786 930 993 974 undecim
1025 930 1072 974 in
1096 929 1251 984 Scuto,
1283 931 1565 994 undeviginti
1596 932 1644 978 in
1682 931 1843 990 Operi·
1873 925 1883 968 ἶ

259 1011 359 1056 bus.
428 1009 657 1051 Homerus
693 1008 1023 1065 quinquaginta
1068 1015 1169 1053 octo
1215 1008 1448 1053 Hesiodus
1492 1011 1677 1068 triginta
1710 1012 1843 1068 quin—

262 1102 350 1145 que
383 1101 495 1130 usus
532 1092 600 1129 est
635 1070 875 1143 epithetis..

391 1165 581 1221 Quoties
616 1178 798 1221 quoque
841 1165 1037 1222 epitheto
1079 1165 1151 1210 usi
1193 1165 1284 1209 sint
1325 1173 1487 1222 poetae
1521 1168 1664 1211 nostri
1706 1182 1846 1229 supra

259 1246 472 1301 scriptum
511 1250 579 1285 est
610 1242 657 1285 in
693 1243 881 1298 singulis
914 1244 1225 1300 paragraphis.
1293 1243 1347 1287 In
1384 1245 1506 1290 omni
1540 1259 1714 1293 summa

499 1322 558 1365 53
595 1321 750 1364 Iliadis
819 1320 1017 1377 epitheta
1051 1322 1142 1367 428
1177 1321 1292 1367 locis

495 1401 553 1444 25
587 1399 824 1457 Odysseae
922 1431 949 1454 „
1054 1401 1143 1444 140
1215 1432 1241 1455 „

497 1481 557 1523 28
591 1478 889 1536 Theogoniae
918 1510 945 1533 ‚‚
1081 1481 1142 1523 72
1209 1512 1236 1535 „

495 1558 549 1600 11
589 1557 715 1601 Scuti
916 1589 984 1613 „·
1083 1559 1136 1602 16
1210 1590 1238 1614 „

499 1639 553 1680 19
593 1630 794 1692 Operum
918 1667 946 1690 „
1080 1637 1138 1679 41
1170 1636 1284 1680 locis
1318 1636 1486 1694 scripta
1518 1635 1719 1693 legimus,

259 1719 379 1762 unde
428 1715 671 1761 maximam
717 1714 764 1756 in
805 1715 890 1757 hac
937 1729 985 1757 re
1028 1714 1293 1758 varietatem
1342 1722 1530 1771 apparet
1570 1729 1670 1758 esse
1719 1714 1844 1762 Senti

261 1796 425 1840 deinde
467 1793 668 1851 Operum
717 1792 1014 1849 Theogoniae
1057 1791 1317 1850 Odyssseae
1368 1793 1539 1839 Iliadis,
1621 1793 1711 1839 Sin*
1752 1807 1842 1836 non

260 1876 613 1919 adnumerantur
652 1871 1090 1928 duodeseptuaginta
1131 1871 1310 1926 Iliadis,
1360 1872 1545 1929 triginta
1593 1872 1854 1930 Odysseae,v

262 1952 499 1998 duodecim
549 1950 848 2009 Theogoniae
898 1964 1015 1994 unus
1068 1949 1195 1997 Scuti
1244 1951 1456 1996 tredecim
1502 1951 1706 2011 Operum
1755 1951 1844 1997 loci

263 2026 613 2090 ἄθετούμενοι,

482 2110 555 2153 ·50
591 2109 750 2152 Iliadis
818 2109 1017 2165 epitheta
1053 2107 1146 2154 360
1179 2108 1293 2152 locis

497 2188 555 2230 24
594 2186 831 2244 Odysseae
929 2218 956 2241 ‚‚
1061 2186 1151 2230 110
1218 2219 1244 2242 „

497 2267 553 2309 27
591 2265 892 2322 Theogoniae
921 2296 948 2320 „
1082 2265 1141 2308 60
1208 2297 1235 2320 ‚,

500 2345 555 2388 10
592 2344 718 2390 Scuti
919 2378 947 2399 ‚‚
1086 2343 1143 2391 15
1211 2376 1239 2399 „

500 2423 555 2467 17
593 2421 794 2480 Operum
921 2456 948 2477 „
1082 2424 1140 2467 28
1176 2422 1289 2467 locis
1323 2423 1547 2481 leguntur.
1582 2448 1649 2459 ·--

263 2501 776 2559 Batrachomyomachia
817 2502 1014 2558 quinque
1055 2507 1229 2545 tantum
1272 2502 1409 2545 habet
1450 2501 1584 2545 Jovis
1631 2503 1844 2560 epitheta,

263 2580 495 2641 Κρονίων,
536 2575 783 2640 Κρονίδης,
828 2574 1008 2640 πατήρ,
1058 2574 1222 2641 πατὴρ
1271 2573 1463 2641 ανδρῶν
1502 2595 1557 2625 τε
1596 2579 1734 2629 θεῶν
1774 2595 1848 2635 τε,
1925 2598 1927 2600 ·
2008 2562 2025 2620 ῥ»

265 2654 413 2714 ἄναξς
454 2661 647 2716 hymnus
692 2659 750 2701 ad
783 2659 1043 2715 Apollinem
1084 2659 1131 2701 in
1174 2665 1302 2702 textu
1343 2660 1399 2702 ab
1434 2659 1701 2705 Hermauno
1736 2674 1843 2723 con-

264 2739 420 2784 stituto
455 2739 554 2791 tria,
589 2731 767 2797 πατήρ,
802 2737 1024 2797 μητίετα,
1059 2738 1450 2799 τερπικέραυνος,
1496 2744 1735 2796 praeterea⁴
1763 2752 1846 2782 sex
1927 2755 1930 2759 ·
1969 2719 1973 2722 .
2005 2730 2007 2733 ”

265 2817 311 2860 in
347 2817 553 2860 versibus
587 2812 1031 2877 διεσκευασμένας,
1066 2813 1311 2879 Κρονίδης,
1344 2811 1575 2878 μητιόεις,
1611 2809 1844 2877 εὐρύοπα,

264 2891 618 2955 νεφεληγερέτα
643 2891 860 2954 σχέτλιος
894 2889 1255 2957 ποικιλομήτης.
1324 2895 1474 2954 Major
1507 2905 1576 2940 est
1608 2897 1655 2939 in
1677 2897 1845 2954 hymno

266 2976 326 3019 ad
350 2975 625 3018 Mercurium
661 2976 960 3033 epithetorum
983 2974 1269 3029 vicissitud03
1303 2989 1465 3019 novem
1499 2974 1617 3018 enim
1650 2987 1766 3031 quae
1798 2972 1846 3018 in

267 3067 322 3096 eo
356 3053 645 3097 inveniuntur
679 3053 876 3110 epitheta
908 3046 1129 3110 leguntur
1150 3053 1263 3097 locis
1296 3052 1457 3111 viginti
1485 3066 1588 3109 sex3
1631 3050 1847 3114 Κρονίων
1893 3100 1908 3116 μ,
