2033 3506
322 392 411 432 em,
436 390 643 435 quorum
683 384 892 434 quatuor,
934 371 1203 439 ὖψιμέδων
1243 373 1456 438 μητιόεις
1493 375 1806 438 βαρύκτυπος

207 451 559 522 ξρισμάραγος
593 469 678 499 suo
711 456 814 499 loco
849 458 1226 513 memorabuntur,
1266 457 1444 513 reliqua
1476 458 1686 516 quinque,
1717 460 1805 519 βα-

204 527 419 592 σιλευς
432 531 595 586 θεῶν,
644 527 878 592 βασιλεὺς
921 527 1219 586 ἀθανάτων,
1273 529 1505 593 βασιλευς
1546 536 1684 582 θεῶν
1722 537 1807 583 καὶ

202 602 436 678 ἠνδρων,
470 606 784 672 μακάρεσσιν
818 605 1070 670 ἀνάσσων,
1106 608 1366 674 σημάντωρ
1401 612 1551 669 θεῶν,
1585 617 1673 661 hue
1704 632 1806 676 per-

204 687 407 742 tinent.
460 692 610 735 Porro
654 690 834 734 illorum
877 692 1217 749 unumquidque
1268 692 1446 736 accedit
1487 694 1546 736 ad
1593 695 1808 752 majorem

203 781 212 795 >
204 768 305 819 vel
326 769 535 828 ejusdem
559 769 631 812 vel
664 768 822 812 similis
855 769 1197 825 significationis
1232 769 1528 826 epithetorum
1561 787 1809 826 numerum,

201 820 344 906 {ghaec
377 847 576 911 quinque
609 860 749 890 unum
781 846 948 890 habent
988 847 1036 890 in
1069 847 1272 891 Homero
1319 847 1475 892 simile.
1543 848 1662 906 Quin
1698 865 1808 907 qua-

212 925 337 977 tuor
366 926 446 970 illa
478 939 537 969 ex
568 924 901 984 antiquioribus
928 926 1203 970 carminibus
1237 933 1431 984 possunt
1472 941 1573 973 esse
1605 929 1809 986 repetita,

203 1003 344 1055 Ἕωο
361 1003 585 1062 quinque
626 1018 728 1048 mea
769 1004 950 1060 quidem
993 1005 1207 1062 opinione
1242 1020 1297 1049 ea
1338 1012 1443 1050 sunt
1477 1021 1594 1063 quae
1635 1007 1692 1050 de
1726 1022 1808 1051 suo

149 1083 457 1144 ‚ft-addiderit
490 1088 640 1140 poeta,
680 1089 731 1125 ut
762 1082 809 1125 in
838 1083 925 1126 hoc
959 1097 1050 1126 uno
1085 1084 1157 1126 vel
1186 1091 1305 1127 certe
1337 1084 1384 1127 in
1406 1086 1495 1128 hoc
1523 1083 1810 1142 potissimum

208 1161 365 1207 'Jovis
400 1160 700 1218 epitheton-um
732 1174 895 1217 genere
927 1160 1072 1205 fertile
1104 1162 1312 1205 videatur
1340 1162 1533 1206 Hesiodi
1564 1162 1808 1219 ingenium.

226 1233 377 1297 cnjus
419 1239 486 1282 rei
532 1252 672 1282 causa
714 1238 850 1282 dubia
890 1253 991 1283 esse
1030 1236 1123 1282 11011
1155 1238 1318 1296 potest.
1385 1239 1592 1283 Hesiodo
1629 1239 1812 1297 Jupiter

202 1317 378 1375 primo
411 1316 514 1361 1000
548 1317 588 1361 is
632 1323 701 1361 est
744 1318 822 1375 qui
864 1324 907 1361 et
951 1318 1147 1361 omnium
1185 1333 1335 1361 rerum
1376 1325 1420 1361 et
1459 1318 1605 1375 ipsius
1646 1326 1811 1376 poetae

182 1409 317 1449 &rex
359 1395 418 1440 sit
460 1401 504 1438 et
544 1395 766 1450 dominus,
810 1397 936 1454 cujus
978 1411 1078 1441 cum
1121 1397 1325 1454 potentia
1365 1397 1489 1441 nulla
1529 1396 1620 1440 alia
1661 1404 1812 1455 potest

234 1475 503 1532 camparari3
550 1480 684 1531 atque
716 1475 848 1532 plane
884 1490 938 1519 ea
970 1490 1086 1532 quae
1121 1482 1324 1519 senserat
1355 1476 1605 1530 Hesiodus,
1651 1476 1813 1519 cecinit

170 1540 179 1563 ²
220 1553 486 1610 ‘Aeschylus
520 1553 567 1596 in
602 1555 956 1610 Agamemnone,
990 1568 1032 1597 v.
1072 1554 1159 1596 152
1196 1568 1287 1609 seq.
1325 1554 1394 1600 ed.
1430 1554 1596 1601 Herm:

364 1638 450 1689 οὐκ
485 1640 576 1702 ἔχω
610 1640 943 1704 προσεικάσαι
976 1637 1124 1689 πάντ’
1161 1640 1607 1704 ἐπισταθμώμενος

363 1709 493 1785 πλὴν
525 1719 652 1778 Διός,
687 1714 717 1786 ᾗ
750 1720 806 1769 τὸ
839 1723 1007 1783 ματᾶν
1043 1718 1144 1768 ἀπὸ
1180 1721 1435 1785 φροντίδος
1470 1717 1629 1783 ἄχθος

546 1798 634 1865 χρὴ
666 1799 839 1863 βαλεῖν
872 1788 1129 1864 ἐτητύμως.
1142 1803 1157 1829 ¹
1160 1817 1175 1862 ,³

231 1896 393 1954 Neque
424 1897 472 1941 id
495 1897 670 1944 mirum.
713 1897 932 1955 Agricola
966 1904 1060 1941 erat
1092 1897 1336 1944 Hesiodus,
1367 1911 1458 1954 quo
1481 1895 1683 1954 profecto
1717 1911 1810 1940 non

233 1972 302 2030 est
347 1975 463 2020 alius
512 1976 744 2020 hominum
797 1977 909 2020 ordo
959 1976 1111 2020 divino
1161 1976 1333 2019 numini
1381 1975 1525 2032 magis
1569 1975 1811 2019 obnoxius.

230 2044 329 2099 >Cur
360 2069 452 2098 non
484 2055 853 2112 quotiescumque
877 2055 982 2097 data
1005 2061 1072 2098 est
1102 2054 1279 2097 occasio
1302 2067 1458 2111 regem
1480 2054 1513 2098 J
1516 2068 1647 2097 ovem
1680 2066 1813 2111 prae-

234 2132 367 2187 dicet,
410 2147 543 2189 quem
577 2142 667 2189 quo
698 2132 901 2176 libertius
946 2132 1175 2175 dominum
1219 2146 1349 2176 suum
1391 2146 1491 2176 esse
1532 2133 1812 2190 profiteatur,

211 2198 291 2255 „eo
325 2208 634 2268 benigniorem
668 2210 867 2255 futurum
902 2212 1120 2268 opinetur.
1172 2210 1311 2254 Secus
1345 2211 1540 2255 faciebat
1562 2211 1813 2264 Homerus;

232 2294 327 2334 'non
346 2279 451 2348 ⁵quo
485 2290 632 2334 minus
674 2290 824 2347 regius
860 2290 900 2333 ei
942 2290 1067 2334 visus
1117 2289 1175 2333 sit
1205 2289 1400 2348 Jupiter,
1444 2290 1525 2334 sed
1565 2295 1663 2334 tota
1695 2289 1815 2333 vitae

205 2353 436 2413 'conditio
477 2376 573 2413 erat
616 2358 807 2415 diversa.
885 2369 1093 2425 Regnare
1134 2369 1166 2412 J
1169 2383 1298 2411 ovem
1337 2382 1485 2424 neque
1523 2368 1624 2426 ipse
1666 2381 1816 2425 neque

146 2508 148 2510 ‚
220 2431 467 2493 ,auditores
500 2448 784 2506 ignorabant,
818 2449 900 2492 sed
923 2463 1007 2506 pro
1042 2447 1227 2491 incitato
1254 2447 1409 2491 eorum
1436 2448 1496 2491 ad
1525 2447 1815 2504 cogitandum

226 2514 389 2591 ¹*animo
436 2536 480 2571 et
521 2537 657 2572 sensu
700 2520 868 2572 domini
907 2526 1033 2571 notio
1086 2526 1231 2569 inerat
1272 2526 1318 2568 in
1360 2525 1587 2583 plerisque
1628 2525 1816 2591 reliquis

186 2600 401 2663 >*quibus
435 2621 545 2650 usus
582 2613 650 2650 est
680 2606 812 2650 Jovis
850 2606 1068 2662 epithetis,
1116 2606 1231 2649 sicut
1273 2605 1320 2647 in
1358 2604 1590 2665 Κρονίων,
1635 2599 1815 2665 πατήρ,

172 2723 197 2740 ,.
226 2674 441 2742 ὕπατος,
486 2682 695 2746 αἶγίογος
730 2699 935 2742 quaeque
981 2698 1136 2730 eorum
1182 2691 1286 2727 sunt
1325 2684 1503 2732 similia.
1571 2685 1817 2728 Praeterea

183 2762 209 2811 ζ’
231 2763 473 2818 ‚Hesiodus
510 2765 643 2809 etiam
677 2779 761 2808 sua
793 2763 936 2822 ipsius
970 2762 1115 2820 gratia
1146 2762 1256 2805 talia
1297 2762 1472 2806 addidit
1506 2763 1716 2821 epitheta,
1759 2776 1816 2805 ne

244 2843 502 2889 ommissam
534 2844 842 2889 laudationem
884 2856 1018 2899 aegre
1052 2839 1187 2885 ferret
1231 2841 1246 2893 (
1251 2841 1291 2885 si
1324 2842 1505 2898 quidem
1537 2843 1678 2886 verbo
1712 2841 1818 2885 licet

328 3037 383 3108 '¹)
437 3054 506 3098 sie,
533 3054 584 3099 e.
613 3053 791 3096 Curtius.
