2033 3506
864 207 958 287 -J
999 221 1059 263 42
1132 233 1256 252 -*

228 353 382 408 posita
405 352 628 407 leguntur,
662 358 712 394 ut
735 352 879 407 primo
909 353 1010 394 loco
1034 346 1199 410 πατήρ
1225 345 1584 411 ἅργικέραυνος,
1621 350 1863 402 secundo

236 424 530 489 κελαινεφὴς
564 429 783 489 Κρονίων
816 437 1033 486 tanquam
1069 444 1208 473 unum
1243 430 1334 473 sint
1357 432 1563 483 verbum;
1600 431 1656 474 de
1687 429 1863 477 tet-nc

230 509 333 552 loco
394 510 461 552 sic
503 509 682 551 videtur
724 508 1035 562 statuendum,
1085 515 1135 552 ut
1175 503 1425 569 ἐριςθενής
1475 516 1520 552 et
1559 509 1617 553 ad
1656 500 1850 570 πατῆῤ

228 588 457 645 pertineat
491 593 535 629 et
569 587 629 630 ad
662 587 880 647 Κρονίων
914 586 1291 645 subjunctumque
1324 588 1384 630 sit
1415 588 1617 645 utrique3
1657 583 1855 651 navim*
1876 580 1890 643 f

239 661 500 726 ἐρισθενής
556 666 676 709 enim
722 674 870 710 exstat
919 665 962 708 Il
1015 665 1070 719 T,
1117 666 1225 719 355,
1284 661 1544 726 ἐρισθενὴς
1606 653 1886 727 Κρονίωνῗήζ
1991 718 2008 730 .,

233 746 275 789 Il
311 746 370 798 Φ,
395 747 500 800 184,
537 745 700 801 quibus
730 759 754 787 e
778 743 984 787 versibus
1010 744 1121 787 illud
1143 744 1321 787 videtur
1353 745 1604 793 confusum
1654 747 1824 828 Hesic-
1992 793 2020 804 ,

239 824 324 867 dus
359 824 462 880 plus
498 823 676 867 duobus
712 821 920 879 epithetis
954 836 1046 864 non
1083 829 1151 864 est
1184 836 1309 868 usus.
1343 847 1400 855 -—
1882 801 1886 806 Ι
1975 797 1989 807 ν

360 901 437 943 Ex
470 901 525 945 iis
559 901 638 943 ubi
673 900 763 942 duo
790 899 989 955 epitheta
1024 900 1083 942 ad
1106 894 1227 952 Ζεύς
1264 912 1421 944 vocem
1446 902 1662 945 accedant
1693 901 1823 957 locis,
1888 894 1891 896 ’

229 979 264 1022 ii
296 978 490 1035 primum
525 985 630 1022 sunt
664 977 969 1030 enumerandi,
1018 978 1182 1033 quibus
1217 985 1455 1035 utrumque
1501 980 1732 1037 epitheton
1765 981 1857 1024 ad
1889 980 1891 983 ’

229 1051 354 1109 Ζεύς
398 1056 457 1099 sit
508 1056 787 1112 appositum,
840 1055 1002 1098 deinde
1058 1056 1221 1111 quibus
1263 1071 1401 1100 unum
1451 1057 1510 1100 sit
1552 1058 1823 1115 appositum,

235 1135 426 1179 alterum
454 1122 798 1177 substantivum.
869 1132 944 1175 Ex
977 1133 1158 1176 illorum
1192 1148 1378 1177 numero
1413 1135 1459 1177 hi
1493 1142 1598 1179 sunt
1629 1136 1741 1179 loci.

303 1207 427 1265 Ζεὺς
461 1210 680 1271 Κρονίων
714 1203 840 1264 αναξ
872 1212 914 1254 11
952 1210 1024 1268 [A,
1061 1211 1193 1270 502]
1230 1212 1289 1265 Β,
1331 1213 1436 1260 102.
1469 1214 1533 1267 Η,
1572 1215 1676 1260 194.
1717 1214 1823 1261 200.
1871 1256 1877 1265 2

466 1290 522 1343 Σ,
564 1291 666 1336 118.
708 1287 805 1347 [Op
843 1287 944 1347 69].

299 1364 421 1422 Ζεὺς
456 1362 674 1428 Κρονίων
710 1366 847 1411 θεῶν
883 1362 1145 1426 σημάντωρ
1180 1364 1382 1413 πάντων
1417 1369 1478 1414 Sc
1509 1371 1584 1417 56.

299 1442 421 1501 Ζεὺς
455 1441 620 1507 πατὴρ
656 1444 792 1490 θεῶν
827 1440 1088 1507 σημάντωρ
1124 1443 1326 1492 πάντων
1358 1447 1455 1492 Hcs
1489 1447 1542 1495 fr.
1581 1446 1655 1497 20.

300 1522 422 1579 Ζεὺς
455 1522 618 1585 πατὴρ
653 1526 871 1581 Κρονίων
907 1525 982 1581 Op
1020 1515 1135 1571 258.'

296 1601 417 1658 Ζεὺς
451 1599 754 1662 κελαινεφής
789 1604 1007 1661 Κρονίων
1040 1605 1070 1646 h
1106 1601 1196 1646 Cer
1231 1604 1339 1650 317,

299 1679 421 1737 Ζεὺς
458 1679 670 1742 αἰγίοχος
704 1677 937 1740 Κρονίδης
971 1680 1013 1723 Il
1045 1679 1106 1736 Β,
1144 1681 1251 1724 375.

303 1758 446 1823 [Ζέὺς
481 1755 668 1814 ὕπατος
704 1756 935 1819 Κρονίδης
970 1759 1011 1801 11
1043 1760 1099 1812 E,
1136 1758 1242 1805 756.
1277 1759 1332 1807 cf.
1371 1763 1408 1812 ξ.
1445 1758 1513 1818 5].

297 1837 419 1895 Ζεὺς
453 1836 744 1900 κελαινεφὴς
777 1835 1010 1898 Κρονίδης
1048 1837 1124 1882 Od
1158 1852 1190 1894 ι,
1228 1838 1335 1884 552.
1370 1851 1412 1892 ν,
1450 1838 1525 1885 25.

298 1917 533 1980 Κρονίδης
567 1914 689 1971 Ζεὺς
724 1911 927 1975 ἄφθιτα
960 1912 1121 1976 μήδεα
1156 1912 1294 1969 εἰδώς
1327 1916 1424 1960 Hes
1458 1916 1499 1959 fr
1552 1915 1627 1964 25.
1693 1900 1699 1906 ’

302 1995 467 2059 πατὴρ
503 1993 625 2050 Ζεὺς
661 1993 871 2055 αἰγίοχος
906 1995 946 2039 11
969 1995 1028 2050 Λ,
1056 1996 1130 2042 66.
1154 1995 1215 2048 Χ,
1250 1996 1324 2041 21.
1350 1993 1409 2039 Sc
1434 1994 1541 2041 322.
1562 1996 1593 2038 h
1616 1992 1720 2038 ven
1746 1995 1821 2044 27.

302 2074 425 2131 Ζεὺς
459 2072 624 2136 πατὴρ
658 2070 890 2137 ὑψίζυγος
924 2075 964 2117 Il
997 2074 1056 2126 Λ,
1095 2075 1201 2121 544,
1863 2057 1865 2059 ’
1950 2058 1978 2064 ”

301 2152 444 2217 [Ζεὺς
478 2151 642 2215 πατὴρ
679 2149 819 2215 ἄργικ
832 2156 1033 2213 ἐραννος
1068 2153 1107 2195 Il
1145 2152 1200 2206 Τ,
1241 2151 1351 2211 121]

297 2232 463 2297 πατὴρ
499 2230 620 2288 Ζεὺς
657 2227 860 2293 ἄφθιτα
896 2228 1032 2285 εἰδώς
1067 2234 1095 2275 h
1131 2230 1220 2275 Cer
1256 2231 1364 2276 322.

295 2312 416 2369 Ζεὺς
448 2310 664 2375 μητιόεις
696 2312 834 2357 θεῶν
867 2307 1030 2371 πατὴρ
1065 2303 1150 2371 ἠδὲ
1183 2307 1267 2354 καὶ
1303 2302 1494 2369 ἀνδρῶν
1529 2308 1691 2365 Theog
1713 2306 1821 2355 457.

292 2389 556 2454 Ὀλύμπιος
590 2392 797 2453 μητίετα
832 2385 954 2444 Ζεύς
1062 2390 1115 2443 Α,
1151 2389 1259 2433 508.

297 2470 421 2527 Ζεὺς
457 2469 715 2531 Ὀλύμπιος
750 2465 1085 2530 ἀστεροπητής
1117 2469 1159 2511 11
1189 2468 1242 2522 A,
1279 2467 1386 2512 609.
1422 2465 1495 2519 M,
1533 2465 1639 2508 275.

291 2548 554 2612 Ὀλύμπιος
592 2544 812 2611 εὐρύοπα
847 2544 968 2602 Ζεύς
1003 2546 1078 2591 od
1113 2543 1155 2604 δ,
1196 2547 1300 2593 173.
1337 2545 1501 2601 Theog
1534 2545 1641 2590 884.

299 2628 613 2693 βαρύκτυπος
648 2623 868 2689 εὐρύοπα
903 2623 1037 2679 Ζεύς.
1074 2627 1103 2668 h
1138 2625 1227 2670 Cer
1262 2627 1305 2669 3.
1344 2624 1451 2668 335.
1486 2624 1594 2669 441,
1632 2621 1740 2667 460.
1789 2672 1793 2675 ,
1837 2675 1839 2678 y

300 2707 421 2764 Zebg
450 2704 715 2768 Ὀλύμπιος
751 2704 924 2767 αἰθέρι
958 2705 1111 2750 ναίων
1147 2703 1222 2748 Od
1256 2717 1296 2757 ο,
1332 2702 1439 2746 523.
1707 2721 1709 2723 >

298 2786 419 2843 Ζεὺς
449 2783 713 2847 Ὀλύμπιος
746 2781 1011 2848 ὑψιμέδων
1046 2784 1209 2839 Theog
1245 2782 1352 2828 529,

298 2865 420 2924 Ζεὺς
458 2864 685 2921 κύδιστος
718 2869 944 2926 μέγιστος
976 2864 1020 2907 ΙΙ
1051 2864 1103 2917 Γ,
1143 2862 1250 2907 298.

298 2945 425 3003 Ζεὺς
460 2943 687 3000 ἇιύδιστος
720 2947 946 3006 μέγιστος
979 2932 1479 3000 θεῶνᾶειγενετάων
1512 2935 1676 2991 Theog
1709 2931 1817 2977 548.

295 3027 508 3090 αἰγίοχος
542 3022 663 3080 Ζεὺς
697 3021 1052 3085 νεφεληγερέτα
1088 3020 1162 3080 Op
1201 3020 1258 3063 99
