2033 3506
802 288 1207 329 1—41—

221 416 437 482 jepthe,
460 414 625 479 πατήρ
644 418 816 471 novies,
839 418 985 466 minus
1009 433 1144 475 saepe
1165 414 1410 479 Κρονίδης,
1428 419 1591 476 μέγας,
1609 417 1832 477 μητίετα,

187 488 201 503 ”
217 497 241 527 ‘³
256 491 394 554 θὲῶν
428 493 687 558 σημάντωρ
714 492 931 548 πάντων,
966 493 1192 556 αἰγίοχος,
1225 491 1572 560 ὑψιβρεμέτης,
1596 492 1831 557 εύρύοπα.

187 561 189 563 V
252 577 313 632 12
343 578 512 635 hymno
547 577 606 620 ad
637 577 864 624 Venerem
909 590 992 618 sex
1031 584 1135 620 sunt
1174 577 1207 621 J
1210 578 1308 621 ovis
1349 577 1558 633 epitheta.
1601 576 1831 636 Κρονίων,

83 669 119 710 ζ,
157 667 159 669 “
238 639 438 719 ’,φτ-ρξε’,
495 656 715 715 μητίετα,
775 650 998 712 αἰγίοχος,
1055 650 1357 714 κελαινεφής,
1416 648 1618 713 ἄφθιτα
1674 650 1833 714 μήδεα

160 781 166 789 1
249 726 408 789 ,εζᾷςός,
451 734 495 776 in
539 734 706 790 hymno
751 734 808 775 ad
854 732 1062 777 Cererem
1101 749 1276 788 novem,
1319 734 1548 795 Κρονίων,
1585 731 1830 795 Κρονίδης,

50 854 79 876 ζ
105 797 109 800 ’
243 808 439 874 πατήρ,
473 814 864 873 τερπικέραυνος,
900 805 1133 870 εὐρύοπα,
1169 808 1473 873 κελαινεφής,
1507 809 1831 872 βαρύκτυπος,

257 884 447 946 ὕπατος
481 889 565 935 καὶ
597 884 811 951 ἄριστος,
848 884 1051 949 ἄφθιτα
1086 887 1237 944 εἰδώς,
1274 907 1390 947 quae
1414 908 1505 935 non
1528 894 1674 936 minus
1699 908 1833 948 quam

258 971 397 1025 semel
432 976 476 1015 et
504 968 652 1019 tricies
674 969 978 1017 inveniuntur.
1029 969 1156 1026 Quae
1189 971 1236 1013 in
1258 971 1441 1027 reliquis
1464 972 1642 1028 hymnis
1675 972 1833 1028 legun-

257 1056 344 1102 tur·
365 1050 564 1107 epithflta
602 1062 862 1091 enumerare
903 1049 1087 1104 longum
1129 1056 1216 1101 est3
1259 1049 1305 1090 in
1339 1049 1533 1091 Hesiodi
1573 1047 1833 1106 fragmentis

260 1135 504 1181 aecurrunt
540 1126 770 1187 Κρονίων.
798 1122 1057 1186 ·Κρονίδης,
1113 1122 1292 1186 πατήρ,
1336 1122 1497 1187 πατὴρ
1547 1121 1737 1187 ἀνδρῶν
1780 1143 1835 1172 τε

257 1205 396 1251 θεῶν
417 1221 485 1258 τε,
510 1204 647 1253 θεῶν
681 1200 940 1264 σημάντωρ
964 1200 1177 1258 πάντων,
1195 1199 1468 1263 Ὀλύμπιος,
1503 1201 1623 1259 θεὸς
1653 1200 1834 1266 ἄμβρο-

257 1300 354 1338 τος,
390 1278 592 1342 ἄφθιτα
624 1279 783 1343 μήδεα
818 1279 968 1334 εἰδῶς,
1006 1280 1227 1341 αἰγίοχος,
1262 1286 1651 1343 τερπικέραυνος.
1690 1311 1749 1317 —-

390 1364 498 1407 Duo
524 1362 720 1420 epitheta
753 1370 802 1405 ut
826 1377 916 1405 una
940 1369 1226 1419 apponantur
1259 1377 1396 1419 saepe
1428 1364 1498 1416 fit3
1533 1364 1634 1420 plus
1659 1365 1835 1409 duobus

262 1442 404 1486 multo
438 1441 601 1493 rarius,
636 1449 772 1497 atque
806 1440 1129 1497 alloquentium
1163 1441 1209 1483 in
1243 1441 1404 1485 verbis.
1470 1441 1544 1485 Ita
1576 1429 1578 1432 V

326 1518 423 1566 Ζεῦ
441 1516 638 1568 κύδιστε
664 1521 878 1578 μέγιστε,
904 1515 1201 1578 κελαινεφές,
1229 1516 1399 1580 αἰθέρι
1416 1521 1567 1565 ναίων
1591 1521 1632 1563 11
1648 1521 1708 1573 Β,
1729 1525 1836 1570 412.

326 1597 421 1645 Ζεῦ
453 1594 629 1659 πάτερ,
652 1592 854 1659 Ἴδηθεν
886 1595 1086 1657 μεδέων,
1120 1593 1318 1643 κύδιστε
1349 1601 1548 1658 μέγιστε
1580 1601 1622 1644 11
1654 1602 1705 1654 Γ,
1732 1603 1788 1643 27
1796 1604 1838 1650 6,

496 1679 602 1725 320.
638 1677 700 1730 H,
738 1678 827 1720 202
884 1675 942 1730 Ω,
979 1677 1085 1724 308.
1895 1666 1898 1668 “

327 1745 365 1801 ὦ
397 1740 558 1814 ποὶτερ
582 1751 799 1815 ἡμέτερε,
836 1753 1059 1815 Κρονίδη,
1084 1749 1242 1799 ῧπατε
1263 1752 1523 1816 κρειόντων
1560 1755 1623 1814 [11
1647 1756 1705 1810 Θ,
1743 1753 1837 1819 31.]

495 1834 570 1879 Ο(1
603 1848 650 1887 α,
686 1836 764 1881 45.
800 1836 874 1878 81.
915 1832 986 1893 [ω,
1022 1832 1153 1893 473]

262 1913 508 1959 Praeterea
541 1913 581 1956 Il
620 1911 678 1966 Θ,
714 1914 803 1956 361

330 1985 459 2036 ἀλλὰ
492 1987 657 2054 πατὴρ
692 1984 842 2051 οὑμὸς
877 1989 1024 2050 φρεσὶ
1057 1992 1290 2050 μαίνεται
1325 1986 1411 2035 οὺκ
1448 1986 1702 2054 ἀγαθῇσιν

330 2066 563 2130 σχέτλιος,
589 2068 698 2116 αἰὲν
716 2066 940 2132 ἀλιτρός,
955 2068 1084 2129 ε’μῶν
1099 2072 1285 2129 μενέων
1310 2063 1559 2132 ἀπερωεύς
1577 2079 1621 2116 et
1637 2074 1667 2116 h
1684 2072 1843 2116 XXII.

397 2151 644 2194 Praeterea
668 2158 861 2207 quatuor
883 2150 994 2193 loeis
1016 2150 1102 2192 tria
1124 2158 1228 2193 sunt
1250 2150 1447 2206 epitheta
1469 2164 1661 2205 quorum
1694 2158 1844 2194 tamen

263 2229 382 2274 inter
405 2229 495 2284 duo
532 2242 586 2271 ea
608 2228 844 2272 intercedit
864 2228 980 2271 ratio
1009 2235 1057 2270 ut
1081 2228 1269 2271 alterum
1293 2228 1422 2271 alteri
1455 2228 1514 2272 sit
1546 2228 1843 2285 subjunctum.

265 2307 340 2351 Ita
370 2306 456 2360 IV,
496 2308 584 2349 166
619 2307 706 2350 tria
741 2313 845 2350 sunt
880 2305 1076 2363 epitheta

501 2380 622 2438 Ζεὺς
655 2382 890 2446 Κρονίδης
922 2378 1156 2447 ὑψίζυγος
1191 2381 1364 2446 αἰθέρι
1397 2386 1564 2440 ναίων,

265 2466 347 2510 sed
388 2458 619 2528 ὖψίζυγος
637 2467 719 2519 ,ad
759 2461 992 2526 Κρονίδης
1035 2465 1187 2521 potius
1228 2466 1453 2522 pertinere
1495 2467 1673 2509 videtur
1712 2481 1847 2523 quam

268 2545 328 2587 ad
359 2540 507 2599 Ζεύς,·
542 2545 746 2587 similiter
769 2554 906 2601 atque
937 2544 979 2587 11
1007 2542 1090 2602 [H,
1128 2542 1226 2601 69].
1262 2543 1316 2595 Σ,
1347 2545 1450 2591 185.
1496 2544 1605 2587 Non
1639 2545 1849 2602 apposita

271 2636 386 2667 voce
419 2618 542 2676 Ζεύς
577 2623 778 2679 quinque
812 2622 924 2665 locis
952 2622 1040 2666 tria
1071 2622 1361 2665 inveniuntur
1395 2622 1603 2678 epitheta,

330 2696 495 2762 πατὴρ
530 2695 888 2761 ἅργικέραυνος,
923 2694 1214 2760 κελαινεφής
1248 2700 1290 2743 11
1323 2699 1384 2754 X,
1425 2701 1529 2744 178.

334 2776 625 2841 κελαινεφὴς
658 2780 889 2841 Κρονίων,
920 2772 1095 2832 Ἰδαῖος
1129 2778 1170 2821 11
1207 2776 1264 2831 Ω,
1303 2779 1410 2823 290.

337 2854 522 2920 [πατὴρ
558 2854 817 2919 ἐρισθενὴς
851 2859 1069 2919 Κρονίων
1105 2858 1181 2903 Od
1214 2857 1270 2911 θ,
1308 2856 1421 2915 289]

334 2933 499 2999 πατὴρ
533 2935 765 2999 Κρονίδης
798 2930 986 2999 ὕπατος
1019 2935 1103 2980 καὶ
1137 2929 1337 2996 ἄριστος
1370 2936 1400 2977 h
1435 2920 1523 2978 Cer
1559 2935 1634 2981 21.

334 3011 500 3077 πατὴρ
537 3015 884 3074 (Proserpinae)
919 3010 1209 3075 κελαινεφης
1242 3014 1459 3075 Κρονίων
1492 3015 1522 3057 h
1557 3012 1646 3057 Cer
1682 3013 1792 3062 3963

177 3086 179 3088 ’
270 3095 352 3138 sed
384 3102 429 3139 et
468 3090 634 3155 πατήρ
677 3100 724 3138 et
756 3093 973 3155 Κρονίων
1005 3100 1098 3138 tam
1132 3107 1268 3151 saepe
1300 3091 1583 3138 substantive
1615 3104 1697 3149 pro
1731 3081 1850 3141 Ζεύς
